@book{heywood2017political,
  title={Political Ideologies: An Introduction},
  author={Heywood, Andrew},
  year={2017},
  publisher={Macmillan International Higher Education}
}
@article{heroux2016substate,
  title={Substate variations in political values in Canada},
  author={H{\'e}roux-Legault, Maxime},
  journal={Regional \& Federal Studies},
  volume={26},
  number={2},
  pages={171--197},
  year={2016},
  publisher={Taylor \& Francis}
}
@article{montigny2016fin,
  title={La fin des Oui et des Non au Qu{\'e}bec? Un clivage en d{\'e}clin},
  author={Montigny, {\'E}ric},
  journal={L’Id{\'e}e f{\'e}d{\'e}rale},
  volume={7},
  number={1},
  pages={1--10},
  year={2016}
}
@book{ozkirimli2017theories,
  title={Theories of Nationalism: A Critical Introduction},
  author={Ozkirimli, Umut},
  year={2017},
  publisher={Palgrave}
}
@book{hobsbawm2012invention,
  title={The Invention of Tradition},
  author={Hobsbawm, Eric and Ranger, Terence},
  year={2012},
  publisher={Cambridge University Press}
}
@book{schwartz1967public,
  title={Public opinion and Canadian identity},
  author={Schwartz, Mildred A},
  year={1967},
  publisher={University of California Press}
}
@article{dufresne2019symbolic,
  title={The symbolic mosaic: an empirical typology of national symbolic webs and its effect on vote choice in Canada},
  author={Dufresne, Yannick and Tessier, Charles and Blanchet, Alexandre and Tempor{\~a}o, Mickael},
  journal={National Identities},
  volume={21},
  number={4},
  pages={329--345},
  year={2019},
  publisher={Taylor \& Francis}
}
@article{slapin2008scaling,
  title={A scaling model for estimating time-series party positions from texts},
  author={Slapin, Jonathan B and Proksch, Sven-Oliver},
  journal={American Journal of Political Science},
  volume={52},
  number={3},
  pages={705--722},
  year={2008},
  publisher={Wiley Online Library}
}
@article{laver2003extracting,
  title={Extracting policy positions from political texts using words as data},
  author={Laver, Michael and Benoit, Kenneth and Garry, John},
  journal={American political science review},
  volume={97},
  number={2},
  pages={311--331},
  year={2003},
  publisher={Cambridge University Press}
}
@inproceedings{mikolov2013distributed,
  title={Distributed representations of words and phrases and their compositionality},
  author={Mikolov, Tomas and Sutskever, Ilya and Chen, Kai and Corrado, Greg S and Dean, Jeff},
  booktitle={Advances in neural information processing systems},
  pages={3111--3119},
  year={2013}
}
@article{mikolov2013efficient,
  title={Efficient estimation of word representations in vector space},
  author={Mikolov, Tomas and Chen, Kai and Corrado, Greg and Dean, Jeffrey},
  journal={arXiv preprint arXiv:1301.3781},
  year={2013}
}
@article{kennedy1979ideology,
  title={" Ideology" from Destutt De Tracy to Marx},
  author={Kennedy, Emmet},
  journal={Journal of the History of Ideas},
  volume={40},
  number={3},
  pages={353--368},
  year={1979},
  publisher={JSTOR}
}
@book{head1985ideology,
  title={Ideology and Social Science},
  author={Head, Brian},
  year={1985},
  publisher={Springer}
}
@book{marx1970german,
  title={The German Ideology},
  author={Marx, Karl and Engels, Friedrich},
  volume={1},
  year={1970},
  publisher={International Publishers Co}
}
@book{freeden2003ideology,
  title={Ideology: A Very Short Introduction},
  author={Freeden, Michael and others},
  volume={95},
  year={2003},
  publisher={Oxford University Press}
}
@article{downs1957economic,
  title={An Economic Theory of Political Action in a Democracy},
  author={Downs, Anthony},
  journal={Journal of political economy},
  volume={65},
  number={2},
  pages={135--150},
  year={1957},
  publisher={The University of Chicago Press}
}
@article{aldrich1977method,
  title={A Method of Scaling with Applications to the 1968 and 1972 Presidential Elections},
  author={Aldrich, John H and McKelvey, Richard D},
  journal={American Political Science Review},
  volume={71},
  number={1},
  pages={111--130},
  year={1977},
  publisher={Cambridge University Press}
}
@article{hare2015using,
  title={Using Bayesian Aldrich-McKelvey Scaling to Study Citizens' Ideological Preferences and Perceptions},
  author={Hare, Christopher and Armstrong, David A and Bakker, Ryan and Carroll, Royce and Poole, Keith T},
  journal={American Journal of Political Science},
  volume={59},
  number={3},
  pages={759--774},
  year={2015},
  publisher={Wiley Online Library}
}
@book{cochrane2015left,
  title={Left and right: The small world of political ideas},
  author={Cochrane, Christopher},
  volume={3},
  year={2015},
  publisher={McGill-Queen's Press-MQUP}
}
@article{barbera2015birds,
  title={Birds of the same feather tweet together: Bayesian ideal point estimation using Twitter data},
  author={Barber{\'a}, Pablo},
  journal={Political analysis},
  volume={23},
  number={1},
  pages={76--91},
  year={2015},
  publisher={Cambridge University Press}
}
@article{temporao2018ideological,
  title={Ideological scaling of social media users: a dynamic lexicon approach},
  author={Tempor{\~a}o, Mickael and Kerckhove, Corentin Vande and van der Linden, Clifton and Dufresne, Yannick and Hendrickx, Julien M},
  journal={Political Analysis},
  volume={26},
  number={4},
  pages={457--473},
  year={2018},
  publisher={Cambridge University Press}
}
@article{maynard2013map,
  title={A map of the field of ideological analysis},
  author={Maynard, Jonathan Leader},
  journal={Journal of Political Ideologies},
  volume={18},
  number={3},
  pages={299--327},
  year={2013},
  publisher={Taylor \& Francis}
}
@article{freeden2006ideology,
  title={Ideology and political theory},
  author={Freeden, Michael},
  journal={Journal of Political Ideologies},
  volume={11},
  number={1},
  pages={3--22},
  year={2006},
  publisher={Taylor \& Francis}
}
@article{thagard2012mapping,
  title={Mapping minds across cultures},
  author={Thagard, Paul},
  journal={Grounding social sciences in cognitive sciences},
  pages={35--62},
  year={2012},
  publisher={MIT Press Cambridge, MA}
}
@article{homer2014conceptual,
  title={The conceptual structure of social disputes: Cognitive-affective maps as a tool for conflict analysis and resolution},
  author={Homer-Dixon, Thomas and Milkoreit, Manjana and Mock, Steven J and Schr{\"o}der, Tobias and Thagard, Paul},
  journal={Sage Open},
  volume={4},
  number={1},
  pages={2158244014526210},
  year={2014},
  publisher={SAGE Publications Sage CA: Los Angeles, CA}
}
@book{mouffe1985hegemony,
  title={Hegemony and socialist strategy: towards a radical democratic politics},
  author={Mouffe, Chantal},
  year={1985},
  publisher={Verso}
}
@book{zivzek1989sublime,
  title={The Sublime Object of Ideology},
  author={{\v{Z}}i{\v{z}}ek, Slavoj},
  year={1989},
  publisher={Verso}
}
@book{kellner1989critical,
  title={Critical Theory, Marxism, and Modernity},
  author={Kellner, Douglas},
  year={1989},
  publisher={Johns Hopkins University Press}
}
@book{pecheux1975language,
  title={Language, Semantics and Ideology},
  author={P{\^e}cheux, Michel},
  year={1975},
  publisher={Springer}
}
@book{jameson2020allegory,
  title={Allegory and Ideology},
  author={Jameson, Fredric},
  year={2020},
  publisher={Verso}
}
@book{baudrillard1994simulacra,
  title={Simulacra and Simulation},
  author={Baudrillard, Jean},
  year={1994},
  publisher={University of Michigan press}
}
@book{debord2012society,
  title={Society of the Spectacle},
  author={Debord, Guy},
  year={2012},
  publisher={Bread and Circuses Publishing}
}
@misc{laclau2007emancipation,
  title={Emancipation (s)},
  author={Laclau, Ernesto},
  year={2007},
  publisher={Verso}
}
@article{nafstad2012ideology,
  title={Ideology and Social Psychology},
  author={Nafstad, Hilde Eileen and Blakar, Rolv Mikkel},
  journal={Social and Personality Psychology Compass},
  volume={6},
  number={4},
  pages={282--294},
  year={2012},
  publisher={Wiley Online Library}
}
@article{bonica2013ideology,
  title={Ideology and Interests in the Political Marketplace},
  author={Bonica, Adam},
  journal={American Journal of Political Science},
  volume={57},
  number={2},
  pages={294--311},
  year={2013},
  publisher={Wiley Online Library}
}
@article{martin2002dynamic,
  title={Dynamic Ideal Point Estimation via Markov Chain Monte Carlo for the US Supreme Court, 1953--1999},
  author={Martin, Andrew D and Quinn, Kevin M},
  journal={Political analysis},
  volume={10},
  number={2},
  pages={134--153},
  year={2002},
  publisher={Cambridge University Press}
}
@article{jost2013political,
  title={Political Ideologies and Their Social Psychological Functions},
  author={Jost, John T and Federico, Christopher M and Napier, Jaime L},
  journal={The Oxford handbook of political ideologies},
  pages={232--250},
  year={2013},
  publisher={Oxford University Press New York, NY}
}
@article{cochrane2010left,
  title={Left/Right Ideology and Canadian Politics},
  author={Cochrane, Christopher},
  journal={Canadian Journal of Political Science/Revue canadienne de science politique},
  volume={43},
  number={4},
  pages={1007--1008},
  year={2010},
  publisher={Cambridge University Press}
}
@book{firth1957papers,
  title={Papers in linguistics, 1934-1951},
  author={Firth, John Rupert},
  year={1957},
  publisher={Oxford University Press}
}
@article{gregg1965dimensions,
  title={Dimensions of political systems: Factor analysis of a cross-polity survey},
  author={Gregg, Phillip M and Banks, Arthur S},
  journal={American Political Science Review},
  volume={59},
  number={3},
  pages={602--614},
  year={1965},
  publisher={Cambridge University Press}
}
@article{boutyline2017social,
  title={The social structure of political echo chambers: Variation in ideological homophily in online networks},
  author={Boutyline, Andrei and Willer, Robb},
  journal={Political psychology},
  volume={38},
  number={3},
  pages={551--569},
  year={2017},
  publisher={Wiley Online Library}
}
@article{rheault2020word,
  title={Word embeddings for the analysis of ideological placement in parliamentary corpora},
  author={Rheault, Ludovic and Cochrane, Christopher},
  journal={Political Analysis},
  volume={28},
  number={1},
  pages={112--133},
  year={2020},
  publisher={Cambridge University Press}
}
@article{rodman2020timely,
  title={A timely intervention: Tracking the changing meanings of political concepts with word vectors},
  author={Rodman, Emma},
  journal={Political Analysis},
  volume={28},
  number={1},
  pages={87--111},
  year={2020},
  publisher={Cambridge University Press}
}
@article{rodriguez2021word,
  title={Word Embeddings: What works, what doesn't, and how to tell the difference for applied research},
  author={Rodriguez, Pedro and Spirling, Arthur},
  year={2021}
}
@article{rumelhart1986learning,
  title={Learning representations by back-propagating errors},
  author={Rumelhart, David E and Hinton, Geoffrey E and Williams, Ronald J},
  journal={nature},
  volume={323},
  number={6088},
  pages={533--536},
  year={1986},
  publisher={Nature Publishing Group}
}
@inproceedings{hirst2010party,
  title={Party status as a confound in the automatic classification of political speech by ideology},
  author={Hirst, Graeme and Riabinin, Yaroslav and Graham, Jory},
  booktitle={Proceedings of the 10th International Conference on Statistical Analysis of Textual Data (JADT 2010)},
  pages={731--742},
  year={2010}
}
@article{lauderdale2016measuring,
  title={Measuring political positions from legislative speech},
  author={Lauderdale, Benjamin E and Herzog, Alexander},
  journal={Political Analysis},
  volume={24},
  number={3},
  pages={374--394},
  year={2016},
  publisher={Cambridge University Press}
}
@inproceedings{han2018conditional,
  title={Conditional word embedding and hypothesis testing via bayes-by-backprop},
  author={Han, Rujun and Gill, Michael and Spirling, Arthur and Cho, Kyunghyun},
  booktitle={Proceedings of the 2018 Conference on Empirical Methods in Natural Language Processing},
  pages={4890--4895},
  year={2018}
}
@article{sahlgren2008distributional,
  title={The distributional hypothesis},
  author={Sahlgren, Magnus},
  journal={Italian Journal of Disability Studies},
  volume={20},
  pages={33--53},
  year={2008}
}

@article{rubenstein1965contextual,
  title={Contextual correlates of synonymy},
  author={Rubenstein, Herbert and Goodenough, John B},
  journal={Communications of the ACM},
  volume={8},
  number={10},
  pages={627--633},
  year={1965},
  publisher={ACM New York, NY, USA}
}

@article{schutze1995information,
  title={Information retrieval based on word senses},
  author={Sch{\"u}tze, Hinrich and Pedersen, Jan O},
  year={1995},
  publisher={Citeseer}
}

@article{landauer1997solution,
  title={A solution to Plato's problem: The latent semantic analysis theory of acquisition, induction, and representation of knowledge.},
  author={Landauer, Thomas K and Dumais, Susan T},
  journal={Psychological review},
  volume={104},
  number={2},
  pages={211},
  year={1997},
  publisher={American Psychological Association}
}

@inproceedings{pantel2005inducing,
  title={Inducing ontological co-occurrence vectors},
  author={Pantel, Patrick},
  booktitle={Proceedings of the 43rd Annual Meeting of the Association for Computational Linguistics (ACL’05)},
  pages={125--132},
  year={2005}
}
@book{resnick2020european,
  title={The European roots of Canadian identity},
  author={Resnick, Philip},
  year={2020},
  publisher={University of Toronto Press}
}

@book{wiseman2011search,
  title={In search of Canadian political culture},
  author={Wiseman, Nelson},
  year={2011},
  publisher={UBC Press}
}
@article{kozlowski2019geometry,
  title={The geometry of culture: Analyzing the meanings of class through word embeddings},
  author={Kozlowski, Austin C and Taddy, Matt and Evans, James A},
  journal={American Sociological Review},
  volume={84},
  number={5},
  pages={905--949},
  year={2019},
  publisher={SAGE Publications Sage CA: Los Angeles, CA}
}
@article{huang2020general,
  title={A General Model of Author “Style” with Application to the UK House of Commons, 1935--2018},
  author={Huang, Leslie and Perry, Patrick O and Spirling, Arthur},
  journal={Political Analysis},
  volume={28},
  number={3},
  pages={412--434},
  year={2020},
  publisher={Cambridge University Press}
}
@article{mosteller1963inference,
  title={Inference in an authorship problem: A comparative study of discrimination methods applied to the authorship of the disputed Federalist Papers},
  author={Mosteller, Frederick and Wallace, David L},
  journal={Journal of the American Statistical Association},
  volume={58},
  number={302},
  pages={275--309},
  year={1963},
  publisher={Taylor \& Francis}
}
@article{rodriguez2021embedding,
  title={Embedding Regression: Models for Context-Specific Description and Inference},
  author={Rodriguez, Pedro L and Spirling, Arthur and Stewart, Brandon M},
  year={2021},
  journal={Working paper},
}
@article{hamilton2016diachronic,
  title={Diachronic word embeddings reveal statistical laws of semantic change},
  author={Hamilton, William L and Leskovec, Jure and Jurafsky, Dan},
  journal={arXiv preprint arXiv:1605.09096},
  year={2016}
}
@article{van2006ideology,
  title={Ideology and discourse analysis},
  author={Van Dijk, Teun A},
  journal={Journal of political ideologies},
  volume={11},
  number={2},
  pages={115--140},
  year={2006},
  publisher={Taylor \& Francis}
}
@article{fairclough1992discourse,
  title={Discourse and text: Linguistic and intertextual analysis within discourse analysis},
  author={Fairclough, Norman},
  journal={Discourse \& society},
  volume={3},
  number={2},
  pages={193--217},
  year={1992},
  publisher={Sage Publications}
}
@article{bauer2017left,
  title={Is the left-right scale a valid measure of ideology?},
  author={Bauer, Paul C and Barber{\'a}, Pablo and Ackermann, Kathrin and Venetz, Aaron},
  journal={Political Behavior},
  volume={39},
  number={3},
  pages={553--583},
  year={2017},
  publisher={Springer}
}
@inproceedings{boukhaled2019modelling,
  title={Modelling the semantic change dynamics using diachronic word embedding},
  author={Boukhaled, Mohamed and Fagard, Benjamin and Poibeau, Thierry},
  booktitle={11th International Conference on Agents and Artificial Intelligence (NLPinAI Special Session)},
  year={2019}
}
@article{kutuzov2020distributional,
  title={Distributional word embeddings in modeling diachronic semantic change},
  author={Kutuzov, Andrey},
  year={2020},
  journal={Ph.D. Dissertation: University of Oslo},
}
@article{lauretig2019identification,
  title={Identification, interpretability, and Bayesian word embeddings},
  author={Lauretig, Adam M},
  journal={arXiv preprint arXiv:1904.01628},
  year={2019}
}
@article{floridi2020gpt,
  title={GPT-3: Its nature, scope, limits, and consequences},
  author={Floridi, Luciano and Chiriatti, Massimo},
  journal={Minds and Machines},
  volume={30},
  number={4},
  pages={681--694},
  year={2020},
  publisher={Springer}
}
@article{lakhotia2021generative,
  title={Generative spoken language modeling from raw audio},
  author={Lakhotia, Kushal and Kharitonov, Evgeny and Hsu, Wei-Ning and Adi, Yossi and Polyak, Adam and Bolte, Benjamin and Nguyen, Tu-Anh and Copet, Jade and Baevski, Alexei and Mohamed, Adelrahman and others},
  journal={arXiv preprint arXiv:2102.01192},
  year={2021}
}
@inproceedings{wu2019partisan,
  title={Partisan associations of Twitter users based on their self-descriptions and word embeddings},
  author={Wu, Patrick Y and Mebane Jr, Walter R and Woods, Logan and Klaver, Joseph and Due, Preston},
  booktitle={2019 Annual Meeting of the American Political Science Association (APSA 2019)},
  year={2019}
}